@ARTICLE{Dal_Maso2016-wh,
    title = "Optimal Combinations of Isometric Normalization Tests for the Production of Maximum Voluntary Activation of the Shoulder Muscles",
    author = "Dal Maso, Fabien and Marion, Patrick and Begon, Micka{\"e}l",
    journal = "Arch. Phys. Med. Rehabil.",
    volume = 97,
    number = 9,
    pages = "1542--1551.e2",
    month = sep,
    year = 2016,
    language = "en"
}

@ARTICLE{Bergmann2007-zj,
    title = "In vivo glenohumeral contact forces---Measurements in the first
              patient 7 months postoperatively",
    author = "Bergmann, G and Graichen, F and Bender, A and K{\"a}{\"a}b, M and
              Rohlmann, A and Westerhoff, P",
    journal = "J. Biomech.",
    volume = 40,
    number = 10,
    pages = "2139--2149",
    month = jan,
    year = 2007,
    keywords = "Shoulder joint; Arthroplasty; Load; Contact forces; Measurement;
              Telemetry; In vivo; Biomechanics;synt\_bmc"
}

@ARTICLE{Bouffard2019-fd,
    title = "Sex differences in glenohumeral muscle activation and
               coactivation during a box lifting task",
    author = "Bouffard, Jason and Martinez, Romain and Plamondon, Andr{\'e}
               and C{\^o}t{\'e}, Julie N and Begon, Micka{\"e}l",
    journal = "Ergonomics",
    publisher = "Taylor \& Francis",
    volume = 62,
    number = 10,
    pages = "1327--1338",
    month = oct,
    year = 2019,
    keywords = "Shoulder; electromyography; gender; manual material handling;
               occupational
               biomechanics;Phd/Ergonomics/General;Phd/Ergonomics/Men-women",
    language = "en"
}

@ARTICLE{Martinez2019-mm,
    title = "Sex differences in upper limb {3D} joint contributions during a
              lifting task",
    author = "Martinez, Romain and Bouffard, Jason and Michaud, Benjamin and
              Plamondon, Andr{\'e} and C{\^o}t{\'e}, Julie N and Begon,
              Micka{\"e}l",
    journal = "Ergonomics",
    volume = 62,
    number = 5,
    pages = "682--693",
    month = may,
    year = 2019,
    keywords = "Sex differences; joint contribution; lifting task; upper limb
              kinematics; worktechniques;Phd/AI/Biomechanics",
    language = "en"
}

@ARTICLE{Van_der_Molen2017-sb,
    title = "Work-related risk factors for specific shoulder disorders: a
              systematic review and meta-analysis",
    author = "van der Molen, Henk F and Foresti, Chiara and Daams, Joost G and
              Frings-Dresen, Monique H W and Kuijer, P Paul F M",
    journal = "Occup. Environ. Med.",
    volume = 74,
    number = 10,
    pages = "745--755",
    month = oct,
    year = 2017,
    keywords = "aetiology; meta-analysis; musculoskeletal disorders; risk
              factors; shoulder; work;Phd/Ergonomics/General",
    language = "en"
}

@ARTICLE{Ema2018-cd,
    title = "Effects of sex and joint action on voluntary activation",
    author = "Ema, Ryoichi and Suzuki, Momoka and Kawaguchi, Emi and Saito, Itaru and Akagi, Ryota",
    journal = "PeerJ",
    volume = 6,
    pages = "e5968",
    month = nov,
    year = 2018,
    language = "en"
}

@ARTICLE{Inglis2013-uq,
    title = "Sex-related differences in maximal rate of isometric torque development",
    author = "Inglis, J Greig and Vandenboom, Rene and Gabriel, David A",
    journal = "J. Electromyogr. Kinesiol.",
    volume = 23,
    number = 6,
    pages = "1289--1294",
    month = dec,
    year = 2013,
    language = "en"
}

